@BOOK{Hubble1936,
   author = {{Hubble}, E.~P.},
    title = "{Realm of the Nebulae}",
booktitle = {Realm of the Nebulae, by E.P.~Hubble.~ New Haven: Yale University Press, 1936.~ ISBN 9780300025002},
     year = 1936,
   adsurl = {http://adsabs.harvard.edu/abs/1936rene.book.....H},
  adsnote = {Provided by the SAO/NASA Astrophysics Data System}
}
@ARTICLE{deVaucouleurs1959,
   author = {{de Vaucouleurs}, G.},
    title = "{Classification and Morphology of External Galaxies.}",
  journal = {Handbuch der Physik},
     year = 1959,
   volume = 53,
    pages = {275},
   adsurl = {http://adsabs.harvard.edu/abs/1959HDP....53..275D},
  adsnote = {Provided by the SAO/NASA Astrophysics Data System}
}
@BOOK{Sandage1961,
   author = {{Sandage}, A.},
    title = "{The Hubble Atlas of Galaxies}",
 keywords = {ATLASES, GALAXIES},
booktitle = {Washington: Carnegie Institution, 1961},
     year = 1961,
   adsurl = {http://adsabs.harvard.edu/abs/1961hag..book.....S},
  adsnote = {Provided by the SAO/NASA Astrophysics Data System}
}
@BOOK{deVaucouleurs1991,
   author = {{de Vaucouleurs}, G. and {de Vaucouleurs}, A. and {Corwin}, Jr., H.~G. and
	{Buta}, R.~J. and {Paturel}, G. and {Fouqu{\'e}}, P.},
    title = "{Third Reference Catalogue of Bright Galaxies. Volume I: Explanations and references. Volume II: Data for galaxies between 0$^{h}$ and 12$^{h}$. Volume III: Data for galaxies between 12$^{h}$ and 24$^{h}$.}",
booktitle = {Third Reference Catalogue of Bright Galaxies.~Volume I: Explanations and references.~ Volume II: Data for galaxies between 0$^{h}$ and 12$^{h}$.~ Volume III: Data for galaxies between 12$^{h}$ and 24$^{h}$., by de Vaucouleurs, G.; de Vaucouleurs, A.; Corwin, H.~G., Jr.; Buta, R.~J.; Paturel, G.; Fouqu{\'e}, P..~Springer, New York, NY (USA), 1991, 2091 p., ISBN 0-387-97552-7, Price US$ 198.00. ISBN 3-540-97552-7, Price DM 448.00. ISBN 0-387-97549-7 (Vol. I), ISBN 0-387-97550-0 (Vol. II), ISBN 0-387-97551-9 (Vol. III).},
     year = 1991,
   adsurl = {http://adsabs.harvard.edu/abs/1991rc3..book.....D},
  adsnote = {Provided by the SAO/NASA Astrophysics Data System}
}
@ARTICLE{RobertsHaynes1994,
   author = {{Roberts}, M.~S. and {Haynes}, M.~P.},
    title = "{Physical Parameters along the Hubble Sequence}",
  journal = {\araa},
     year = 1994,
   volume = 32,
    pages = {115-152},
      doi = {10.1146/annurev.aa.32.090194.000555},
   adsurl = {http://adsabs.harvard.edu/abs/1994ARA%26A..32..115R},
  adsnote = {Provided by the SAO/NASA Astrophysics Data System}
}
@ARTICLE{SDSSDR7,
   author = {{Abazajian}, K.~N. and {Adelman-McCarthy}, J.~K. and {Ag{\"u}eros}, M.~A. and
	{Allam}, S.~S. and {Allende Prieto}, C. and {An}, D. and {Anderson}, K.~S.~J. and
	{Anderson}, S.~F. and {Annis}, J. and {Bahcall}, N.~A. and et al.},
    title = "{The Seventh Data Release of the Sloan Digital Sky Survey}",
  journal = {\apjs},
archivePrefix = "arXiv",
   eprint = {0812.0649},
 keywords = {atlases, catalogs, surveys},
     year = 2009,
    month = jun,
   volume = 182,
    pages = {543-558},
      doi = {10.1088/0067-0049/182/2/543},
   adsurl = {http://adsabs.harvard.edu/abs/2009ApJS..182..543A},
  adsnote = {Provided by the SAO/NASA Astrophysics Data System}
}
@ARTICLE{2017AJ....154...28B,
   author = {{Blanton}, M.~R. and {Bershady}, M.~A. and {Abolfathi}, B. and
	{Albareti}, F.~D. and {Allende Prieto}, C. and {Almeida}, A. and
	{Alonso-Garc{\'{\i}}a}, J. and {Anders}, F. and {Anderson}, S.~F. and
	{Andrews}, B. and et al.},
    title = "{Sloan Digital Sky Survey IV: Mapping the Milky Way, Nearby Galaxies, and the Distant Universe}",
  journal = {\aj},
archivePrefix = "arXiv",
   eprint = {1703.00052},
 keywords = {cosmology: observations, galaxies: general, Galaxy: general, instrumentation: spectrographs, stars: general, surveys},
     year = 2017,
    month = jul,
   volume = 154,
      eid = {28},
    pages = {28},
      doi = {10.3847/1538-3881/aa7567},
   adsurl = {http://adsabs.harvard.edu/abs/2017AJ....154...28B},
  adsnote = {Provided by the SAO/NASA Astrophysics Data System}
}
@ARTICLE{2011AJ....142...31B,
   author = {{Blanton}, M.~R. and {Kazin}, E. and {Muna}, D. and {Weaver}, B.~A. and
	{Price-Whelan}, A.},
    title = "{Improved Background Subtraction for the Sloan Digital Sky Survey Images}",
  journal = {\aj},
archivePrefix = "arXiv",
   eprint = {1105.1960},
 primaryClass = "astro-ph.IM",
 keywords = {atmospheric effects, galaxies: photometry, methods: data analysis, techniques: image processing},
     year = 2011,
    month = jul,
   volume = 142,
      eid = {31},
    pages = {31},
      doi = {10.1088/0004-6256/142/1/31},
   adsurl = {http://adsabs.harvard.edu/abs/2011AJ....142...31B},
  adsnote = {Provided by the SAO/NASA Astrophysics Data System}
}
@article{ Hart2016:1607.01019v1,
author = { Ross E. Hart and Steven P. Bamford and Kyle W. Willett and Karen L. Masters and Carolin Cardamone and Chris J. Lintott and Robert J. Mackay and Robert C. Nichol and Christopher K. Rosslowe and Brooke D. Simmons and Rebecca J Smethurst },
title = { Galaxy Zoo: comparing the demographics of spiral arm number and a new method for correcting redshift bias },
eprint = { arXiv:1607.01019v1 },
year = { 2016 },
url = { http://arxiv.org/abs/1607.01019v1 },
}
@article{ Kormendy2010:1009.3015v1,
author = { John Kormendy and Niv Drory and Ralf Bender and Mark E. Cornell },
title = { Bulgeless Giant Galaxies Challenge our Picture of Galaxy Formation by Hierarchical Clustering },
eprint = { Arxiv:1009.3015v1 },
journal = { The Astrophysical Journal },
volume = { 723 },
pages = { 54-80 },
year = { 2010 },
url = { http://arxiv.org/abs/1009.3015 },
}
@article{ Baldry2006:astro-ph/0607648v2,
author = { I. K. Baldry and M. L. Balogh and R. G. Bower and K. Glazebrook and R. C. Nichol and S. P. Bamford and T. Budavari },
title = { Galaxy bimodality versus stellar mass and environment },
eprint = { arXiv:astro-ph/0607648v2 },
journal = { Monthly Notices of the Royal Astronomical Society },
volume = { 373 },
pages = { 469-483 },
year = { 2006 },
month = { 12 },
url = { http://arxiv.org/abs/astro-ph/0607648v2 },
}
@article{ Simard2011:1107.1518v1,
author = { Luc Simard and J. Trevor Mendel and David R. Patton and Sara L. Ellison and Alan W. McConnachie },
title = { A Catalog of Bulge+Disk Decompositions and Updated Photometry for 1.12 Million Galaxies in the Sloan Digital Sky Survey },
eprint = { arXiv:1107.1518v1 },
journal = { ApJS },
volume = { 196 },
pages = { 11 },
year = { 2011 },
month = { 8 },
url = { http://arxiv.org/abs/1107.1518v1 },
}
@article{ Gadotti2010:1003.1719v2,
author = { Dimitri A. Gadotti },
title = { Secular Evolution and Structural Properties of Stellar Bars in Galaxies },
eprint = { Arxiv:1003.1719v2 },
journal = { Monthly Notices of the Royal Astronomical Society },
volume = { 415 },
pages = { 3308-3318 },
year = { 2010 },
url = { http://arxiv.org/abs/1003.1719 },
}
@article{ Mendez-Abreu2016:1610.05324v1,
author = { J. Mendez-Abreu and T. Ruiz-Lara and L. Sanchez-Menguiano and A. de Lorenzo-Caceres and L. Costantin and C. Catalan-Torrecilla and E. Florido and J. A. L. Aguerri and J. Bland-Hawthorn and E. M. Corsini and R. J. Dettmar and L. Galbany and R. Garcia-Benito and R. A. Marino and I. Marquez and R. A. Ortega-Minakata and P. Papaderos and S. F. Sanchez and P. Sanchez-Blazquez and K. Spekkens and G. van de Ven and V. Wild and B. Ziegler },
title = { Two-dimensional multi-component photometric decomposition of CALIFA galaxies },
eprint = { Arxiv:1610.05324v1 },
year = { 2016 },
url = { http://arxiv.org/abs/1610.05324 },
}
@article{ Sanchez2011:1111.0962v2,
author = { S. F. Sanchez and R. C. Kennicutt and A. Gil de Paz and G. van de Ven and J. M. Vilchez and L. Wisotzki and C. J. Walcher and D. Mast and J. A. L. Aguerri and S. Albiol-Perez and A. Alonso-Herrero and J. Alves and J. Bakos and T. Bartakova and J. Bland-Hawthorn and A. Boselli and D. J. Bomans and A. Castillo-Morales and C. Cortijo-Ferrero and A. de Lorenzo-Caceres and A. del Olmo and R. -J. Dettmar and A. D\iaz and S. Ellis and J. Falcon-Barroso and H. Flores and A. Gallazzi and B. Garc\ia-Lorenzo and R. Gonzalez Delgado and N. Gruel and T. Haines and C. Hao and B. Husemann and J. Iglesias-Páramo and K. Jahnke and B. Johnson and B. Jungwiert and V. Kalinova and C. Kehrig and D. Kupko and A . R. Lopez-Sanchez and M. Lyubenova and R. A. Marino and E. Marmol-Queralto and I. Marquez and J. Masegosa and S. Meidt and J. Mendez-Abreu and A. Monreal-Ibero and C. Montijo and A. M. Mourao and G. Palacios-Navarro and P. Papaderos and A. Pasquali and R. Peletier and E. Perez and I. Perez and A. Quirrenbach and M. Relaño and F. F. Rosales-Ortega and M. M. Roth and T. Ruiz-Lara and P. Sanchez-Blazquez and C. Sengupta and R. Singh and V. Stanishev and S. C. Trager and A. Vazdekis and K. Viironen and V. Wild and S. Zibetti and B. Ziegler },
title = { CALIFA, the Calar Alto Legacy Integral Field Area survey: I. Survey presentation },
eprint = { Arxiv:1111.0962v2 },
journal = { Astronomy and Astrophysics },
volume = { 538 },
pages = { A8 },
year = { 2011 },
url = { http://arxiv.org/abs/1111.0962 },
}
@ARTICLE{galfit-paper,
   author = {{Peng}, C.~Y. and {Ho}, L.~C. and {Impey}, C.~D. and {Rix}, H.-W.
	},
    title = "{Detailed Structural Decomposition of Galaxy Images}",
  journal = {\aj},
   eprint = {astro-ph/0204182},
 keywords = {Galaxies: Bulges, Galaxies: Fundamental Parameters, Galaxies: Nuclei, Galaxies: Structure, Techniques: Image Processing, Techniques: Photometric},
     year = 2002,
    month = jul,
   volume = 124,
    pages = {266-293},
      doi = {10.1086/340952},
   adsurl = {http://adsabs.harvard.edu/abs/2002AJ....124..266P},
  adsnote = {Provided by the SAO/NASA Astrophysics Data System}
}
@article{ profit-paper,
author = { A. S. G. Robotham and D. S. Taranu and R. Tobar and A. Moffett and S. P. Driver },
title = { ProFit: Bayesian Profile Fitting of Galaxy Images },
eprint = { arXiv:1611.08586v2 },
year = { 2016 },
url = { http://arxiv.org/abs/1611.08586v2 },
}
@article{ gim2d-paper,
author = { Luc Simard and Christopher N. A. Willmer and Nicole P. Vogt and Vicki L. Sarajedini and Andrew C. Phillips and Benjamin J. Weiner and David C. Koo and Myungshin Im and Garth D. Illingworth and S. M. Faber },
title = { The DEEP Groth Strip Survey II. Hubble Space Telescope Structural Parameters of Galaxies in the Groth Strip },
eprint = { Arxiv:astro-ph/0205025v2 },
journal = { The Astrophysical Journal Supplement Series },
volume = { 142 },
pages = { 1-33 },
year = { 2002 },
url = { http://arxiv.org/abs/astro-ph/0205025 },
}
@INPROCEEDINGS{megamorph-paper,
   author = {{Bamford}, S.~P. and {H{\"a}u{\ss}ler}, B. and {Rojas}, A. and
	{Borch}, A.},
    title = "{Measuring the Physical Properties of Galaxy Components Using Modern Surveys}",
booktitle = {Astronomical Data Analysis Software and Systems XX},
     year = 2011,
   series = {Astronomical Society of the Pacific Conference Series},
   volume = 442,
   editor = {{Evans}, I.~N. and {Accomazzi}, A. and {Mink}, D.~J. and {Rots}, A.~H.
	},
    month = jul,
    pages = {479},
   adsurl = {http://adsabs.harvard.edu/abs/2011ASPC..442..479B},
  adsnote = {Provided by the SAO/NASA Astrophysics Data System}
}
@misc{coleman_krawczyk_2019_2562861,
  author       = {Coleman Krawczyk and
                  Adam McMaster and
                  Campbell Allen},
  title        = {{zooniverse/aggregation-for-caesar: Add a citable
                   DOI to the repository}},
  month        = feb,
  year         = 2019,
  doi          = {10.5281/zenodo.2562861},
  url          = {https://doi.org/10.5281/zenodo.2562861}
}
@article{ Gao2017:1709.00746v1,
author = { Hua Gao and Luis C. Ho },
title = { An Optimal Strategy for Accurate Bulge-to-disk Decomposition of Disk Galaxies },
eprint = { arXiv:1709.00746v1 },
journal = { The Astrophysical Journal },
volume = { 845 },
pages = { 114 },
year = { 2017 },
month = { 8 },
url = { http://arxiv.org/abs/1709.00746v1 },
}
@article{ Lintott2008:0804.4483v1,
author = { Chris J. Lintott and Kevin Schawinski and Anze Slosar and Kate Land and Steven Bamford and Daniel Thomas and M. Jordan Raddick and Robert C. Nichol and Alex Szalay and Dan Andreescu and Phil Murray and Jan van den Berg },
title = { Galaxy Zoo : Morphologies derived from visual inspection of galaxies from the Sloan Digital Sky Survey },
eprint = { arXiv:0804.4483v1 },
journal = { Monthly Notices of the Royal Astronomical Society },
volume = { 389 },
pages = { 1179-1189 },
year = { 2008 },
month = { 9 },
url = { http://arxiv.org/abs/0804.4483v1 },
}
@article{ Bamford2008:0805.2612v2,
author = { Steven P. Bamford and Robert C. Nichol and Ivan K. Baldry and Kate Land and Chris J. Lintott and Kevin Schawinski and Anze Slosar and Alexander S. Szalay and Daniel Thomas and Mehri Torki and Dan Andreescu and Edward M. Edmondson and Christopher J. Miller and Phil Murray and M. Jordan Raddick and Jan Vandenberg },
title = { Galaxy Zoo: the dependence of morphology and colour on environment },
eprint = { arXiv:0805.2612v2 },
journal = { Monthly Notices of the Royal Astronomical Society },
volume = { 393 },
pages = { 1324-1352 },
year = { 2009 },
month = { 3 },
url = { http://arxiv.org/abs/0805.2612v2 },
}
@article{ Davis2014:1402.1910v1,
author = { Darren R. Davis and Wayne B. Hayes },
title = { Scalable Automated Detection of Spiral Galaxy Arm Segments },
eprint = { arXiv:1402.1910v1 },
journal = { ApJ },
volume = { 790 },
pages = { 87 },
year = { 2014 },
month = { 7 },
url = { http://arxiv.org/abs/1402.1910v1 },
}
@article{ Hopkins2010:1004.2708v3,
author = { Philip F. Hopkins and Darren Croton and Kevin Bundy and Sadegh Khochfar and Frank van den Bosch and Rachel S. Somerville and Andrew Wetzel and Dusan Keres and Lars Hernquist and Kyle Stewart and Joshua D. Younger and Shy Genel and Chung-Pei Ma },
title = { Mergers in Lambda-CDM: Uncertainties in Theoretical Predictions and Interpretations of the Merger Rate },
eprint = { Arxiv:1004.2708v3 },
journal = { The Astrophysical Journal },
volume = { 724 },
pages = { 915 },
year = { 2010 },
url = { http://arxiv.org/abs/1004.2708 },
}
@article{ Davis2015:1503.03070v3,
author = { Benjamin L. Davis and Daniel Kennefick and Julia Kennefick and Kyle B. Westfall and Douglas W. Shields and Russell Flatman and Matthew T. Hartley and Joel C. Berrier and Thomas P. K. Martinsson and Rob A. Swaters },
title = { A Fundamental Plane of Spiral Structure in Disk Galaxies },
eprint = { arXiv:1503.03070v3 },
journal = { The Astrophysical Journal },
volume = { 802 },
pages = { L13 },
year = { 2015 },
month = { 3 },
url = { http://arxiv.org/abs/1503.03070v3 },
}
@article{ Lahav1994:astro-ph/9412027v1,
author = { O. Lahav and A. Naim and R. J. Buta and H. G. Corwin and G. de Vaucouleurs and A. Dressler and J. P. Huchra and S. van den Bergh and S. Raychaudhury and L. Sodre Jr. and M. C. Storrie-Lombardi },
title = { Galaxies, Human Eyes and Artificial Neural Networks },
eprint = { arXiv:astro-ph/9412027v1 },
journal = { Science },
volume = { 267 },
pages = { 859-862 },
year = { 1995 },
month = { 2 },
url = { http://arxiv.org/abs/astro-ph/9412027v1 },
}
@article{ Simard2002:astro-ph/0205025v2,
author = { Luc Simard and Christopher N. A. Willmer and Nicole P. Vogt and Vicki L. Sarajedini and Andrew C. Phillips and Benjamin J. Weiner and David C. Koo and Myungshin Im and Garth D. Illingworth and S. M. Faber },
title = { The DEEP Groth Strip Survey II. Hubble Space Telescope Structural Parameters of Galaxies in the Groth Strip },
eprint = { arXiv:astro-ph/0205025v2 },
journal = { ASTROPHYS J SUPPL S },
volume = { 142 },
pages = { 1-33 },
year = { 2002 },
month = { 9 },
url = { http://arxiv.org/abs/astro-ph/0205025v2 },
}
@article{ Park2006:astro-ph/0611610v2,
author = { Changbom Park and Yun-Young Choi and Michael S. Vogeley and J. Richard Gott III and Michael R. Blanton and For the SDSS collaboration },
title = { Environmental Dependence of Properties of Galaxies in the Sloan Digital Sky Survey },
eprint = { arXiv:astro-ph/0611610v2 },
journal = { ApJ },
volume = { 658 },
pages = { 898-916 },
year = { 2007 },
month = { 4 },
url = { http://arxiv.org/abs/astro-ph/0611610v2 },
}
@article{ Lintott2010:1007.3265v4,
author = { Chris Lintott and Kevin Schawinski and Steven Bamford and Anze Slosar and Kate Land and Daniel Thomas and Edd Edmondson and Karen Masters and Robert Nichol and Jordan Raddick and Alex Szalay and Dan Andreescu and Phil Murray and Jan Vandenberg },
title = { Galaxy Zoo 1 : Data Release of Morphological Classifications for nearly 900,000 galaxies },
eprint = { arXiv:1007.3265v4 },
journal = { Monthly Notices of the Royal Astronomical Society },
volume = { 410 },
pages = { 166-178 },
year = { 2010 },
month = { 11 },
url = { http://arxiv.org/abs/1007.3265v4 },
}
@article{ Willett2013:1308.3496v2,
author = { Kyle W. Willett and Chris J. Lintott and Steven P. Bamford and Karen L. Masters and Brooke D. Simmons and Kevin R. V. Casteels and Edward M. Edmondson and Lucy F. Fortson and Sugata Kaviraj and William C. Keel and Thomas Melvin and Robert C. Nichol and M. Jordan Raddick and Kevin Schawinski and Robert J. Simpson and Ramin A. Skibba and Arfon M. Smith and Daniel Thomas },
title = { Galaxy Zoo 2: detailed morphological classifications for 304,122 galaxies from the Sloan Digital Sky Survey },
eprint = { arXiv:1308.3496v2 },
year = { 2013 },
url = { http://arxiv.org/abs/1308.3496v2 },
}
@ARTICLE{2017MNRAS.464.4176W,
       author = {{Willett}, Kyle W. and {Galloway}, Melanie A. and {Bamford}, Steven P. and
         {Lintott}, Chris J. and {Masters}, Karen L. and {Scarlata}, Claudia and
         {Simmons}, B.~D. and {Beck}, Melanie and {Cardamone}, Carolin N. and
         {Cheung}, Edmond and {Edmondson}, Edward M. and {Fortson}, Lucy F. and
         {Griffith}, Roger L. and {H{\"a}u{\ss}ler}, Boris and {Han}, Anna and
         {Hart}, Ross and {Melvin}, Thomas and {Parrish}, Michael and
         {Schawinski}, Kevin and {Smethurst}, R.~J. and {Smith}, Arfon M.},
        title = "{Galaxy Zoo: morphological classifications for 120 000 galaxies in HST legacy imaging}",
      journal = {\mnras},
     keywords = {methods: data analysis, catalogues, galaxies: evolution, galaxies: high-redshift, galaxies: structure, Astrophysics - Astrophysics of Galaxies, Astrophysics - Cosmology and Nongalactic Astrophysics},
         year = "2017",
        month = "Feb",
       volume = {464},
       number = {4},
        pages = {4176-4203},
          doi = {10.1093/mnras/stw2568},
archivePrefix = {arXiv},
       eprint = {1610.03068},
 primaryClass = {astro-ph.GA},
       adsurl = {https://ui.adsabs.harvard.edu/abs/2017MNRAS.464.4176W},
      adsnote = {Provided by the SAO/NASA Astrophysics Data System}
}
@article{ Kruk2017:1705.00007v1,
author = { Sandor J. Kruk and Chris J. Lintott and Brooke D. Simmons and Steven P. Bamford and Carolin N. Cardamone and Lucy Fortson and Ross E. Hart and Boris Häußler and Karen L. Masters and Robert C. Nichol and Kevin Schawinski and Rebecca J. Smethurst },
title = { Galaxy Zoo: Finding offset discs and bars in SDSS galaxies },
eprint = { arXiv:1705.00007v1 },
year = { 2017 },
url = { http://arxiv.org/abs/1705.00007v1 },
}
@article{ Kruk2017:1710.00093v2,
author = { Sandor J. Kruk and Chris J. Lintott and Steven P. Bamford and Karen L. Masters and Brooke D. Simmons and Boris Häußler and Carolin N. Cardamone and Ross E. Hart and Lee Kelvin and Kevin Schawinski and Rebecca J. Smethurst and Marina Vika },
title = { Galaxy Zoo: Secular evolution of barred galaxies from structural decomposition of multi-band images },
eprint = { Arxiv:1710.00093v2 },
journal = { Monthly Notices of the Royal Astronomical Society },
volume = { 473 },
pages = { 4731 },
year = { 2017 },
url = { http://arxiv.org/abs/1710.00093 },
}
@ARTICLE{2017MNRAS.472.2263H,
       author = {{Hart}, Ross E. and {Bamford}, Steven P. and {Hayes}, Wayne B. and
         {Cardamone}, Carolin N. and {Keel}, William C. and {Kruk}, Sandor J. and
         {Lintott}, Chris J. and {Masters}, Karen L. and {Simmons}, Brooke D. and
         {Smethurst}, Rebecca J.},
        title = "{Galaxy Zoo and SPARCFIRE: constraints on spiral arm formation mechanisms from spiral arm number and pitch angles}",
      journal = {\mnras},
     keywords = {methods: data analysis, galaxies: general, galaxies: spiral, galaxies: structure, Astrophysics - Astrophysics of Galaxies},
         year = "2017",
        month = "Dec",
       volume = {472},
       number = {2},
        pages = {2263-2279},
          doi = {10.1093/mnras/stx2137},
archivePrefix = {arXiv},
       eprint = {1708.04628},
 primaryClass = {astro-ph.GA},
       adsurl = {https://ui.adsabs.harvard.edu/abs/2017MNRAS.472.2263H},
      adsnote = {Provided by the SAO/NASA Astrophysics Data System}
}

@article{ Pozzetti2009:0907.5416v2,
author = { L. Pozzetti and M. Bolzonella and E. Zucca and G. Zamorani and S. Lilly and A. Renzini and M. Moresco and M. Mignoli and P. Cassata and L. Tasca and F. Lamareille and C. Maier and B. Meneux and C. Halliday and P. Oesch and D. Vergani and K. Caputi and K. Kovac and A. Cimatti and O. Cucciati and A. Iovino and Y. Peng and M. Carollo and T. Contini and J. P. Kneib and O. Le F'evre and V. Mainieri and M. Scodeggio and S. Bardelli and A. Bongiorno and G. Coppa and S. de la Torre and L. de Ravel and P. Franzetti and B. Garilli and P. Kampczyk and C. Knobel and J. F. Le Borgne and V. Le Brun and R. Pell`o and E. Perez Montero and E. Ricciardelli and J. D. Silverman and M. Tanaka and L. Tresse and U. Abbas and D. Bottini and A. Cappi and L. Guzzo and A. M. Koekemoer and A. Leauthaud and D. Maccagni and C. Marinoni and H. J. McCracken and P. Memeo and C. Porciani and R. Scaramella and C. Scarlata and N. Scoville },
title = { zCOSMOS - 10k-bright spectroscopic sample. The bimodality in the Galaxy Stellar Mass Function: exploring its evolution with redshift },
eprint = { Arxiv:0907.5416v2 },
journal = { Astronomy \& Astrophysics },
volume = { 523 },
pages = { A13 },
year = { 2009 },
url = { http://arxiv.org/abs/0907.5416 },
}
@article{ Simmons2014:1409.1214v1,
author = { B. D. Simmons and Thomas Melvin and Chris Lintott and Karen L. Masters and Kyle W. Willett and William C. Keel and R. J. Smethurst and Edmond Cheung and Robert C. Nichol and Kevin Schawinski and Michael Rutkowski and Jeyhan S. Kartaltepe and Eric F. Bell and Kevin R. V. Casteels and Christopher J. Conselice and Omar Almaini and Henry C. Ferguson and Lucy Fortson and William Hartley and Dale Kocevski and Anton M. Koekemoer and Daniel H. McIntosh and Alice Mortlock and Jeffrey A. Newman and Jamie Ownsworth and Steven Bamford and Tomas Dahlen and Sandra M. Faber and Steven L. Finkelstein and Adriano Fontana and Audrey Galametz and N. A. Grogin and Ruth Grutzbauch and Yicheng Guo and Boris Haussler and Kian J. Jek and Sugata Kaviraj and Ray A. Lucas and Michael Peth and Mara Salvato and Tommy Wiklind and Stijn Wuyts },
title = { Galaxy Zoo: CANDELS Barred Disks and Bar Fractions },
eprint = { arXiv:1409.1214v1 },
journal = { Monthly Notices of the Royal Astronomical Society },
volume = { 445 },
pages = { 3466-3474 },
year = { 2014 },
month = { 10 },
url = { http://arxiv.org/abs/1409.1214v1 },
}
@ARTICLE{2017MNRAS.464.4420S,
       author = {{Simmons}, B.~D. and {Lintott}, Chris and {Willett}, Kyle W. and
         {Masters}, Karen L. and {Kartaltepe}, Jeyhan S. and
         {H{\"a}u{\ss}ler}, Boris and {Kaviraj}, Sugata and {Krawczyk}, Coleman and
         {Kruk}, S.~J. and {McIntosh}, Daniel H. and {Smethurst}, R.~J. and
         {Nichol}, Robert C. and {Scarlata}, Claudia and {Schawinski}, Kevin and
         {Conselice}, Christopher J. and {Almaini}, Omar and
         {Ferguson}, Henry C. and {Fortson}, Lucy and {Hartley}, William and
         {Kocevski}, Dale and {Koekemoer}, Anton M. and {Mortlock}, Alice and
         {Newman}, Jeffrey A. and {Bamford}, Steven P. and {Grogin}, N.~A. and
         {Lucas}, Ray A. and {Hathi}, Nimish P. and {McGrath}, Elizabeth and
         {Peth}, Michael and {Pforr}, Janine and {Rizer}, Zachary and
         {Wuyts}, Stijn and {Barro}, Guillermo and {Bell}, Eric F. and
         {Castellano}, Marco and {Dahlen}, Tomas and {Dekel}, Avishai and
         {Ownsworth}, Jamie and {Faber}, Sandra M. and {Finkelstein}, Steven L. and
         {Fontana}, Adriano and {Galametz}, Audrey and {Gr{\"u}tzbauch}, Ruth and
         {Koo}, David and {Lotz}, Jennifer and {Mobasher}, Bahram and
         {Mozena}, Mark and {Salvato}, Mara and {Wiklind}, Tommy},
        title = "{Galaxy Zoo: quantitative visual morphological classifications for 48 000 galaxies from CANDELS}",
      journal = {\mnras},
     keywords = {galaxies: bulges, galaxies: elliptical and lenticular, cD, galaxies: evolution, galaxies: general, galaxies: spiral, galaxies: structure, Astrophysics - Astrophysics of Galaxies},
         year = "2017",
        month = "Feb",
       volume = {464},
       number = {4},
        pages = {4420-4447},
          doi = {10.1093/mnras/stw2587},
archivePrefix = {arXiv},
       eprint = {1610.03070},
 primaryClass = {astro-ph.GA},
       adsurl = {https://ui.adsabs.harvard.edu/abs/2017MNRAS.464.4420S},
      adsnote = {Provided by the SAO/NASA Astrophysics Data System}
}


@article{ Holincheck2016:1604.00435v1,
author = { Anthony J. Holincheck and John F. Wallin and Kirk Borne and Lucy Fortson and Chris Lintott and Arfon M. Smith and Steven Bamford and William C. Keel and Michael Parrish },
title = { Galaxy Zoo: Mergers - Dynamical Models of Interacting Galaxies },
eprint = { arXiv:1604.00435v1 },
year = { 2016 },
url = { http://arxiv.org/abs/1604.00435v1 },
}
@ARTICLE{2017arXiv170905834H,
   author = {{Hocking}, A. and {Geach}, J.~E. and {Sun}, Y. and {Davey}, N.
	},
    title = "{An automatic taxonomy of galaxy morphology using unsupervised machine learning}",
  journal = {ArXiv e-prints},
archivePrefix = "arXiv",
   eprint = {1709.05834},
 primaryClass = "astro-ph.IM",
 keywords = {Astrophysics - Instrumentation and Methods for Astrophysics, Astrophysics - Cosmology and Nongalactic Astrophysics, Astrophysics - Astrophysics of Galaxies},
     year = 2017,
    month = sep,
   adsurl = {http://adsabs.harvard.edu/abs/2017arXiv170905834H},
  adsnote = {Provided by the SAO/NASA Astrophysics Data System}
}
@article{ HongBaeAnn2014,
 author = {{Ann}, Hong Bae},
 title = { Environment Dependence of Disk Morphology of Spiral Galaxies },
 journal = "{Journal of The Korean Astronomical Society}",
 year = { 2014 },
 publisher = { The Korean Astronomical Society },
 volume = { 41 },
 pages = { 1-13 },
 url = { http://koreascience.or.kr/article/ArticleFullRecord.jsp?cn=CMHHBA_2014_v47n1_1 },
 eprint = { arXiv:1503.03070v3 },
}
@article{ Vika2014:1408.4070v1,
author = { Marina Vika and Steven P. Bamford and Boris Häußler and Alex L. Rojas },
title = { MegaMorph -- multi-wavelength measurement of galaxy structure: physically meaningful bulge-disc decomposition of galaxies near and far },
eprint = { arXiv:1408.4070v1 },
journal = { Monthly Notices of the Royal Astronomical Society },
volume = { 444 },
pages = { 3603-3621 },
year = { 2014 },
month = { 9 },
url = { http://arxiv.org/abs/1408.4070v1 },
}
@article{ Athanassoula1996:astro-ph/9612236v1,
author = { E. Athanassoula and I. Puerari and A. Bosma },
title = { Formation of rings in galactic discs by infalling small companions },
eprint = { arXiv:astro-ph/9612236v1 },
journal = { Monthly Notices of the Royal Astronomical Society },
volume = { 286 },
pages = { 284-302 },
year = { 1997 },
month = { 4 },
url = { http://arxiv.org/abs/astro-ph/9612236v1 },
}
@article{ Pardy2016:1602.07689v2,
author = { Stephen A. Pardy and Elena D'Onghia and E. Athanassoula and Eric M. Wilcots and Kartik Sheth },
title = { Tidally Induced Offset Disks in Magellanic Spiral Galaxies },
eprint = { arXiv:1602.07689v2 },
journal = { ApJ },
volume = { 827 },
pages = { 149 },
year = { 2016 },
month = { 8 },
url = { http://arxiv.org/abs/1602.07689v2 },
}
@article{ Athanassoula2012:1211.6754v1,
author = { E. Athanassoula and R. E. G. Machado and S. A. Rodionov },
title = { Bar formation and evolution in disc galaxies with gas and a triaxial halo: Morphology, bar strength and halo properties },
eprint = { arXiv:1211.6754v1 },
journal = { Monthly Notices of the Royal Astronomical Society },
volume = { 429 },
pages = { 1949-1969 },
year = { 2013 },
month = { 1 },
url = { http://arxiv.org/abs/1211.6754v1 },
}
@article{ Lupton2003:astro-ph/0312483v1,
author = { Robert Lupton and Michael R. Blanton and George Fekete and David W. Hogg and Wil O'Mullane and Alex Szalay and N. Wherry },
title = { Preparing Red-Green-Blue (RGB) Images from CCD Data },
eprint = { arXiv:astro-ph/0312483v1 },
journal = { PUBL ASTRON SOC PAC },
volume = { 116 },
pages = { 133-137 },
year = { 2004 },
month = { 2 },
url = { http://arxiv.org/abs/astro-ph/0312483v1 },
}
@ARTICLE{2017arXiv170609904B,
   author = {{Bittner}, A. and {Gadotti}, D.~A. and {Elmegreen}, B.~G. and
	{Athanassoula}, E. and {Elmegreen}, D.~M. and {Bosma}, A. and
	{Mu{\~n}oz-Mateos}, J.-C.},
    title = "{How do spiral arm contrasts relate to bars, disk breaks and other fundamental galaxy properties?}",
  journal = {ArXiv e-prints},
archivePrefix = "arXiv",
   eprint = {1706.09904},
 keywords = {Astrophysics - Astrophysics of Galaxies},
     year = 2017,
    month = jun,
   adsurl = {http://adsabs.harvard.edu/abs/2017arXiv170609904B},
  adsnote = {Provided by the SAO/NASA Astrophysics Data System}
}
@article{ Kim2013:1312.3384v1,
author = { Taehyun Kim and Dimitri A. Gadotti and Kartik Sheth and E. Athanassoula and Albert Bosma and Myung Gyoon Lee and Barry F. Madore and Bruce Elmegreen and Johan H. Knapen and Dennis Zaritsky and Luis C. Ho and Sébastien Comerón and Benne Holwerda and Joannah L. Hinz and Juan-Carlos Muñoz-Mateos and Mauricio Cisternas and Santiago Erroz-Ferrer and Ron Buta and Eija Laurikainen and Heikki Salo and Jarkko Laine and Karín Menéndez-Delmestre and Michael W. Regan and Bonita de Swardt and Armando Gil de Paz and Mark Seibert and Trisha Mizusawa },
title = { Unveiling the Structure of Barred Galaxies at 3.6 $μ{\rm m}$ with the Spitzer Survey of Stellar Structure in Galaxies (S$^4$G): I. Disk Breaks },
eprint = { arXiv:1312.3384v1 },
journal = { ApJ },
volume = { 782 },
pages = { 64 },
year = { 2014 },
month = { 1 },
url = { http://arxiv.org/abs/1312.3384v1 },
}
@article{ Masters2010:1001.1744v2,
author = { Karen L. Masters and Robert C. Nichol and Steven Bamford and Moein Mosleh and Chris J. Lintott and Dan Andreescu and Edward M. Edmondson and William C. Keel and Phil Murray and M. Jordan Raddick and Kevin Schawinski and Anze Slosar and Alexander S. Szalay and Daniel Thomas and Jan Vandenberg },
title = { Galaxy Zoo: Dust in Spirals },
eprint = { arXiv:1001.1744v2 },
journal = { Monthly Notices of the Royal Astronomical Society },
volume = { 404 },
pages = { 792-810 },
year = { 2010 },
month = { 5 },
url = { http://arxiv.org/abs/1001.1744v2 },
}
@ARTICLE{1996A&AS..117..393B,
   author = {{Bertin}, E. and {Arnouts}, S.},
    title = "{SExtractor: Software for source extraction.}",
  journal = {Astronomy and Astrophysics Reviews},
 keywords = {METHODS: DATA ANALYSIS, TECHNIQUES: IMAGE PROCESSING, GALAXIES: PHOTOMETRY},
     year = 1996,
    month = jun,
   volume = 117,
    pages = {393-404},
      doi = {10.1051/aas:1996164},
   adsurl = {http://adsabs.harvard.edu/abs/1996A%26AS..117..393B},
  adsnote = {Provided by the SAO/NASA Astrophysics Data System}
}
@article{ Kormendy2004:astro-ph/0407343v1,
author = { John Kormendy and Robert C. Kennicutt Jr },
title = { Secular Evolution and the Formation of Pseudobulges in Disk Galaxies },
eprint = { arXiv:astro-ph/0407343v1 },
journal = { Annu. Rev. Astro. Astrophys. },
volume = { 42 },
pages = { 603-683 },
year = { 2004 },
month = { 9 },
url = { http://arxiv.org/abs/astro-ph/0407343v1 },
}
@article{ Dobbs2014:1407.5062v1,
author = { Clare Dobbs and Junichi Baba },
title = { Dawes Review 4: Spiral Structures in Disc Galaxies },
eprint = { arXiv:1407.5062v1 },
journal = { Publ. Astron. Soc. Aust. },
volume = { 31 },
year = { 2014 },
url = { http://arxiv.org/abs/1407.5062v1 },
}
@article{ Pour-Imani2016:1608.00969v1,
author = { Hamed Pour-Imani and Daniel Kennefick and Julia Kennefick and Benjamin L. Davis and Douglas W. Shields and Mohamed Shameer Abdeen },
title = { Strong Evidence for the Density-wave Theory of Spiral Structure in Disk Galaxies },
eprint = { Arxiv:1608.00969v1 },
journal = { The Astrophysical Journal },
volume = { 827 },
pages = { L2 },
year = { 2016 },
url = { http://arxiv.org/abs/1608.00969 },
}
@article{ ScottHumanFactorsComputing,
author = { Scott, S.D and Lesh, N and Klau, G.W },
title = { Investigating human-computer optimization },
journal = { Proceedings of the SIGCHI Conference on Human Factors in Computing Systems },
year = { 2002 },
pages = { 155-162 },
url = { https://dl.acm.org/citation.cfm?id=503405 },
}
@article{ Masters2010:1003.0449v2,
author = { Karen L. Masters and Robert C. Nichol and Ben Hoyle and Chris Lintott and Steven Bamford and Edward M. Edmondson and Lucy Fortson and William C. Keel and Kevin Schawinski and Arfon Smith and Daniel Thomas },
title = { Galaxy Zoo: Bars in Disk Galaxies },
eprint = { arXiv:1003.0449v2 },
journal = { Monthly Notices of the Royal Astronomical Society },
volume = { 411 },
pages = { 2026-2034 },
year = { 2010 },
month = { 11 },
url = { http://arxiv.org/abs/1003.0449v2 },
}
@ARTICLE{2014MNRAS.438.2882M,
   author = {{Melvin}, T. and {Masters}, K. and {Lintott}, C. and {Nichol}, R.~C. and
	{Simmons}, B. and {Bamford}, S.~P. and {Casteels}, K.~R.~V. and
	{Cheung}, E. and {Edmondson}, E.~M. and {Fortson}, L. and {Schawinski}, K. and
	{Skibba}, R.~A. and {Smith}, A.~M. and {Willett}, K.~W.},
    title = "{Galaxy Zoo: an independent look at the evolution of the bar fraction over the last eight billion years from HST-COSMOS}",
  journal = {\mnras},
archivePrefix = "arXiv",
   eprint = {1401.3334},
 keywords = {galaxies: evolution, galaxies: spiral, galaxies: structure},
     year = 2014,
    month = mar,
   volume = 438,
    pages = {2882-2897},
      doi = {10.1093/mnras/stt2397},
   adsurl = {http://adsabs.harvard.edu/abs/2014MNRAS.438.2882M},
  adsnote = {Provided by the SAO/NASA Astrophysics Data System}
}

@ARTICLE{2016MNRAS.459..720H,
   author = {{Holincheck}, A.~J. and {Wallin}, J.~F. and {Borne}, K. and
	{Fortson}, L. and {Lintott}, C. and {Smith}, A.~M. and {Bamford}, S. and
	{Keel}, W.~C. and {Parrish}, M.},
    title = "{Galaxy Zoo: Mergers - Dynamical models of interacting galaxies}",
  journal = {\mnras},
archivePrefix = "arXiv",
   eprint = {1604.00435},
 keywords = {methods: numerical, galaxies: interactions, galaxies: kinematics and dynamics, galaxies: peculiar},
     year = 2016,
    month = jun,
   volume = 459,
    pages = {720-745},
      doi = {10.1093/mnras/stw649},
   adsurl = {http://adsabs.harvard.edu/abs/2016MNRAS.459..720H},
  adsnote = {Provided by the SAO/NASA Astrophysics Data System}
}
@ARTICLE{2018MNRAS.tmp..521B,
   author = {{Beck}, M.~R. and {Scarlata}, C. and {Fortson}, L.~F. and {Lintott}, C.~J. and
	{Simmons}, B.~D. and {Galloway}, M.~A. and {Willett}, K.~W. and
	{Dickinson}, H. and {Masters}, K.~L. and {Marshall}, P.~J. and
	{Wright}, D.},
    title = "{Integrating human and machine intelligence in galaxy morphology classification tasks}",
  journal = {\mnras},
archivePrefix = "arXiv",
   eprint = {1802.08713},
 primaryClass = "astro-ph.IM",
 keywords = {galaxies: general, galaxies: morphology, methods: data analysis, methods: machine learning},
     year = 2018,
    month = mar,
      doi = {10.1093/mnras/sty503},
   adsurl = {http://adsabs.harvard.edu/abs/2018MNRAS.tmp..521B},
  adsnote = {Provided by the SAO/NASA Astrophysics Data System}
}
@ARTICLE{source-extractor,
   author = {{Bertin}, E. and {Arnouts}, S.},
    title = "{SExtractor: Software for source extraction.}",
  journal = {\aaps},
 keywords = {METHODS: DATA ANALYSIS, TECHNIQUES: IMAGE PROCESSING, GALAXIES: PHOTOMETRY},
     year = 1996,
    month = jun,
   volume = 117,
    pages = {393-404},
      doi = {10.1051/aas:1996164},
   adsurl = {http://adsabs.harvard.edu/abs/1996A%26AS..117..393B},
  adsnote = {Provided by the SAO/NASA Astrophysics Data System}
}

@ARTICLE{2017MNRAS.464.4176W,
   author = {{Willett}, K.~W. and {Galloway}, M.~A. and {Bamford}, S.~P. and
	{Lintott}, C.~J. and {Masters}, K.~L. and {Scarlata}, C. and
	{Simmons}, B.~D. and {Beck}, M. and {Cardamone}, C.~N. and {Cheung}, E. and
	{Edmondson}, E.~M. and {Fortson}, L.~F. and {Griffith}, R.~L. and
	{H{\"a}u{\ss}ler}, B. and {Han}, A. and {Hart}, R. and {Melvin}, T. and
	{Parrish}, M. and {Schawinski}, K. and {Smethurst}, R.~J. and
	{Smith}, A.~M.},
    title = "{Galaxy Zoo: morphological classifications for 120 000 galaxies in HST legacy imaging}",
  journal = {\mnras},
archivePrefix = "arXiv",
   eprint = {1610.03068},
 keywords = {methods: data analysis, catalogues, galaxies: evolution, galaxies: high-redshift, galaxies: structure},
     year = 2017,
    month = feb,
   volume = 464,
    pages = {4176-4203},
      doi = {10.1093/mnras/stw2568},
   adsurl = {http://adsabs.harvard.edu/abs/2017MNRAS.464.4176W},
  adsnote = {Provided by the SAO/NASA Astrophysics Data System}
}

@ARTICLE{2018MNRAS.473.4731K,
   author = {{Kruk}, S.~J. and {Lintott}, C.~J. and {Bamford}, S.~P. and
	{Masters}, K.~L. and {Simmons}, B.~D. and {H{\"a}u{\ss}ler}, B. and
	{Cardamone}, C.~N. and {Hart}, R.~E. and {Kelvin}, L. and {Schawinski}, K. and
	{Smethurst}, R.~J. and {Vika}, M.},
    title = "{Galaxy Zoo: secular evolution of barred galaxies from structural decomposition of multiband images}",
  journal = {\mnras},
archivePrefix = "arXiv",
   eprint = {1710.00093},
 keywords = {galaxies: bulges, galaxies: evolution, galaxies: general, galaxies: star formation, galaxies: stellar content, galaxies: structure},
     year = 2018,
    month = feb,
   volume = 473,
    pages = {4731-4753},
      doi = {10.1093/mnras/stx2605},
   adsurl = {http://adsabs.harvard.edu/abs/2018MNRAS.473.4731K},
  adsnote = {Provided by the SAO/NASA Astrophysics Data System}
}

@article{ Scarlata2007:astro-ph/0701746v2,
author = { C. Scarlata and C. M. Carollo and S. J. Lilly and R. Feldmann and P. Kampczyk and A. Renzini and A. Cimatti and C. Halliday and E. Daddi and M. T. Sargent and A. Koekemoer and N. Scoville and J-P. Kneib and A. Leauthaud and R. Massey and J. Rhodes and L. Tasca and Capak and H. J. McCracken and B. Mobasher and Y. Taniguchi and D. Thompson and M. Ajiki and H. Aussel and T. Murayama and D. B. Sanders and S. Sasaki and Y. Shioya and M. Takahashi },
title = { The redshift evolution of early-type galaxies in COSMOS: Do massive early-type galaxies form by dry mergers? },
eprint = { Arxiv:astro-ph/0701746v2 },
journal = { The Astrophysical Journal Supplement Series },
volume = { 172 },
pages = { 494-510 },
year = { 2007 },
url = { http://arxiv.org/abs/astro-ph/0701746 },
}
@article{ Masters2019:1904.11436v1,
author = { Karen L. Masters and Chris J. Lintott and Ross E. Hart and Sandor J. Kruk and Rebecca J. Smethurst and Kevin Casteels and William C. Keel and Brooke D. Simmons and Dennis Olivan Stanescu and Jean Tate and Satoshi Tomi },
title = { Galaxy Zoo: Unwinding the Winding Problem - Observations of Spiral Bulge Prominence and Arm Pitch Angles Suggest Local Spiral Galaxies are Winding },
eprint = { Arxiv:1904.11436v1 },
year = { 2019 },
url = { http://arxiv.org/abs/1904.11436 },
}
% Machine-learning
@article{scikit-learn,
 title={Scikit-learn: Machine Learning in {P}ython},
 author={Pedregosa, F. and Varoquaux, G. and Gramfort, A. and Michel, V.
         and Thirion, B. and Grisel, O. and Blondel, M. and Prettenhofer, P.
         and Weiss, R. and Dubourg, V. and Vanderplas, J. and Passos, A. and
         Cournapeau, D. and Brucher, M. and Perrot, M. and Duchesnay, E.},
 journal={Journal of Machine Learning Research},
 volume={12},
 pages={2825--2830},
 year={2011}
}
@article{dbscan,
  author    = {Thapana Boonchoo and
               Xiang Ao and
               Qing He},
  title     = {An Efficient Density-based Clustering Algorithm for Higher-Dimensional
               Data},
  journal   = {CoRR},
  volume    = {abs/1801.06965},
  year      = {2018},
  url       = {http://arxiv.org/abs/1801.06965},
  archivePrefix = {arXiv},
  eprint    = {1801.06965},
  timestamp = {Mon, 13 Aug 2018 16:48:43 +0200},
  biburl    = {https://dblp.org/rec/bib/journals/corr/abs-1801-06965},
  bibsource = {dblp computer science bibliography, https://dblp.org}
}
@inproceedings{local-outlier-factor,
 author = {Breunig, Markus M. and Kriegel, Hans-Peter and Ng, Raymond T. and Sander, J\"{o}rg},
 title = {LOF: Identifying Density-based Local Outliers},
 booktitle = {Proceedings of the 2000 ACM SIGMOD International Conference on Management of Data},
 series = {SIGMOD '00},
 year = {2000},
 isbn = {1-58113-217-4},
 location = {Dallas, Texas, USA},
 pages = {93--104},
 numpages = {12},
 url = {http://doi.acm.org/10.1145/342009.335388},
 doi = {10.1145/342009.335388},
 acmid = {335388},
 publisher = {ACM},
 address = {New York, NY, USA},
 keywords = {database mining, outlier detection},
}
@article{ Naim1995:astro-ph/9502078v1,
author = { A. Naim and O. Lahav and R. J. Buta and H. G. Corwin Jr. and G. de Vaucouleurs and A. Dressler and J. P. Huchra and S. van den Bergh and S. Raychaudhury and L. Sodre Jr. and M. C. Storrie-Lombardi },
title = { A COMPARATIVE STUDY OF MORPHOLOGICAL CLASSIFICATIONS OF APM GALAXIES },
eprint = { Arxiv:astro-ph/9502078v1 },
journal = { Monthly Notices of the Royal Astronomical Society },
year = { 1995 },
url = { http://arxiv.org/abs/astro-ph/9502078 },
}
@ARTICLE{1989Msngr..56...31L,
   author = {{Lauberts}, A. and {Valentijn}, E.~A.},
    title = "{The data of the surface photometry catalogue of the ESO-Uppsala galaxies are now available.}",
  journal = {The Messenger},
 keywords = {Galaxies: Catalogues, Galaxies: Surface Photometry},
     year = 1989,
    month = jun,
   volume = 56,
    pages = {31-34},
   adsurl = {http://adsabs.harvard.edu/abs/1989Msngr..56...31L},
  adsnote = {Provided by the SAO/NASA Astrophysics Data System}
}

@ARTICLE{2011MNRAS.413..813C,
   author = {{Cappellari}, M. and {Emsellem}, E. and {Krajnovi{\'c}}, D. and
	{McDermid}, R.~M. and {Scott}, N. and {Verdoes Kleijn}, G.~A. and
	{Young}, L.~M. and {Alatalo}, K. and {Bacon}, R. and {Blitz}, L. and
	{Bois}, M. and {Bournaud}, F. and {Bureau}, M. and {Davies}, R.~L. and
	{Davis}, T.~A. and {de Zeeuw}, P.~T. and {Duc}, P.-A. and {Khochfar}, S. and
	{Kuntschner}, H. and {Lablanche}, P.-Y. and {Morganti}, R. and
	{Naab}, T. and {Oosterloo}, T. and {Sarzi}, M. and {Serra}, P. and
	{Weijmans}, A.-M.},
    title = "{The ATLAS$^{3D}$ project - I. A volume-limited sample of 260 nearby early-type galaxies: science goals and selection criteria}",
  journal = {\mnras},
archivePrefix = "arXiv",
   eprint = {1012.1551},
 keywords = {galaxies: distances and redshifts, galaxies: elliptical and lenticular, cD, galaxies: evolution, galaxies: formation, galaxies: kinematics and dynamics, galaxies: structure},
     year = 2011,
    month = may,
   volume = 413,
    pages = {813-836},
      doi = {10.1111/j.1365-2966.2010.18174.x},
   adsurl = {http://adsabs.harvard.edu/abs/2011MNRAS.413..813C},
  adsnote = {Provided by the SAO/NASA Astrophysics Data System}
}
@ARTICLE{2017MNRAS.469.2539K,
       author = {{Kalinova}, V. and {Colombo}, D. and {Rosolowsky}, E. and {Kannan}, R.
        and {Galbany}, L. and {Garc{\'\i}a-Benito}, R. and {Gonz{\'a}lez
        Delgado}, R. and {S{\'a}nchez}, S.~F. and {Ruiz-Lara}, T. and
        {M{\'e}ndez-Abreu}, J. and {Catal{\'a}n-Torrecilla}, C. and
        {S{\'a}nchez-Menguiano}, L. and {de Lorenzo-C{\'a}ceres}, A. and
        {Costantin}, L. and {Florido}, E. and {Kodaira}, K. and
        {Marino}, R.~A. and {L{\"a}sker}, R. and {Bland-Hawthorn}, J.},
        title = "{Towards a new classification of galaxies: principal component analysis of CALIFA circular velocity curves}",
      journal = {\mnras},
     keywords = {methods: data analysis, methods: statistical, galaxies: evolution, galaxies: kinematics and dynamics, galaxies: structure, Astrophysics - Astrophysics of Galaxies, Astrophysics - Cosmology and Nongalactic Astrophysics},
         year = 2017,
        month = Aug,
       volume = {469},
        pages = {2539-2594},
          doi = {10.1093/mnras/stx901},
archivePrefix = {arXiv},
       eprint = {1509.03352},
 primaryClass = {astro-ph.GA},
       adsurl = {https://ui.adsabs.harvard.edu/\#abs/2017MNRAS.469.2539K},
      adsnote = {Provided by the SAO/NASA Astrophysics Data System}
}
@article{ Fall2018:1812.06144v1,
author = { S. Michael Fall and Aaron J. Romanowsky },
title = { New perspectives on galactic angular momentum, galaxy formation, and the Hubble Sequence },
eprint = { Arxiv:1812.06144v1 },
year = { 2018 },
url = { http://arxiv.org/abs/1812.06144 },
}
